@misc{personas,
  title = {Why Personas Fail},
  author = {Kim Flaherty},
  year = {2018},
  note="\url{https://www.nngroup.com/articles/why-personas-fail/}, accessed 5/11/2018"
}

@inproceedings{cidr-pi,
 title = {Predictive Interaction for Data Transformation},
 author = {Jeffrey Heer AND Joseph Hellerstein AND Sean Kandel},
 booktitle = {Proc. Conference on Innovative Data Systems Research (CIDR)},
 year = {2015},
 url = {http://idl.cs.washington.edu/papers/predictive-interaction}
}

@inproceedings{interviews,
 title = {Enterprise Data Analysis and Visualization: An Interview Study},
 author = {Sean Kandel AND Andreas Paepcke AND Joseph Hellerstein AND Jeffrey Heer},
 booktitle = {Proc. IEEE Visual Analytics Science \& Technology (VAST)},
 year = {2012},
 url = {http://idl.cs.washington.edu/papers/enterprise-analysis-interviews}
}

@inproceedings{proactive-wrangler,
 title = {Proactive Wrangling: Mixed-Initiative End-User Programming of Data Transformation Scripts},
 author = {Philip J. Guo AND Sean Kandel AND Joseph Hellerstein AND Jeffrey Heer},
 booktitle = {Proc. ACM User Interface Software \& Technology (UIST)},
 year = {2011},
 url = {http://idl.cs.washington.edu/papers/proactive-wrangling}
}

@inproceedings{wrangler,
 title = {Wrangler: Interactive Visual Specification of Data Transformation Scripts},
 author = {Sean Kandel AND Andreas Paepcke AND Joseph Hellerstein AND Jeffrey Heer},
 booktitle = {Proc. ACM Human Factors in Computing Systems (CHI)},
 year = {2011},
 url = {http://idl.cs.washington.edu/papers/wrangler}
}

@misc{leidos,
author="Leidos",
institution = "Leidos",
title="Deploying New Tools for the Fight Against Disease Outbreaks",
year=2016,
note="\url{https://www.leidos.com/sites/default/files/responsive/Health/CAADS-Case-Study.pdf}, accessed 5/11/2018."}
}


@misc{cdc,
author = {{Center for Disease Control}},
title = "The Anatomy of an {HIV} Outbreak Response in a Rural Community",
year = 2015,
note="\url{https://blogs.cdc.gov/publichealthmatters/2015/06/the-anatomy-of-an-hiv-outbreak-response-in-a-rural-community/}, accessed 5/11/2018."
}

@article{datanami,
author = "Alex Woodie",
title="Tracking the Opioid-Fueled Outbreak with Big Data",
journal="Datanami",
year=2016,
month = Dec # "~15,",
day=15,
OPTnote="\url{https://www.datanami.com/2016/12/15/tracking-opioid-fueled-hiv-outbreak-big-data/}, accessed 5/11/2018."
}

@article{nyt,
author = "Megan Twohey",
title = "{Mike Pence's} Response to {H.I.V}. Outbreak: Prayer, Then a Change of Heart",
journal = "The New York Times", 
year=2016,
month = aug # "~7,",
}

@article{b18,
author="Heather Boerner",
title="Mapping How The Opioid Epidemic Sparked An HIV Outbreak",
journal="Shots: Health News from {NPR}",
month=jan # "14,",
day = 14, 
year = 2018,
note="\url{https://www.npr.org/sections/health-shots/2018/01/14/577713525/mapping-how-the-opioid-epidemic-sparked-an-hiv-outbreak}, accessed 5/11/2018."
}

@article{cjs17,
author = "Ellsworth M Campbell and Hongwei Jia and Anupama Shankar and Debra Hanson and Wei Luo and Silvina Masciotra and S Michele Owen and Alexandra M Oster and Romeo R Galang and Michael W Spiller and Sara J Blosser and Erika Chapman and Jeremy C Roseberry and Jessica Gentry and  Pamela Pontones and Joan Duwve and Paula Peyrani and Ron M Kagan and  Jeannette M Whitcomb and Philip J Peters and Walid Heneine and John T Brooks and William M Switzer",
title="Detailed Transmission Network Analysis of a Large Opiate-Driven Outbreak of HIV Infection in the United States",
journal="The Journal of Infectious Diseases", 
volume=216, 
issue=9, 
day=27,
month=nov,
year=2017, 
pages="1053–1062",
OPTnote={\url{https://academic.oup.com/jid/article/216/9/1053/4347235}, accessed 5/11/2018}
}


@article{ilyas2015trends,
  title={Trends in cleaning relational data: Consistency and deduplication},
  author={Ilyas, Ihab F and Chu, Xu and others},
  journal={Foundations and Trends{\textregistered} in Databases},
  volume={5},
  number={4},
  pages={281--393},
  year={2015},
  publisher={Now Publishers, Inc.}
}

@book{doan2012principles,
  title={Principles of data integration},
  author={Doan, AnHai and Halevy, Alon and Ives, Zachary},
  year={2012},
  publisher={Elsevier}
}

@inproceedings{chu2016data,
  title={Data cleaning: Overview and emerging challenges},
  author={Chu, Xu and Ilyas, Ihab F and Krishnan, Sanjay and Wang, Jiannan},
  booktitle={Proceedings of the 2016 International Conference on Management of Data},
  pages={2201--2206},
  year={2016},
  organization={ACM}
}

@MISC{Hellerstein08quantitativedata,
    author = {Joseph M. Hellerstein},
    title = {Quantitative Data Cleaning for Large Databases},
    organization = {UN Economic Commission for Europe},
    year = {2008},
    note = {\url{http://db.cs.berkeley.edu/jmh/papers/cleaning-unece.pdf}, accessed 05/14/2018.}
}

@article{marcus2015crowdsourced,
  title={Crowdsourced data management: Industry and academic perspectives},
  author={Marcus, Adam and Parameswaran, Aditya and others},
  journal={Foundations and Trends{\textregistered} in Databases},
  volume={6},
  number={1-2},
  pages={1--161},
  year={2015},
  publisher={Now Publishers, Inc.}
}

@inproceedings{raman2001potter,
  title={Potter's wheel: An interactive data cleaning system},
  author={Raman, Vijayshankar and Hellerstein, Joseph M},
  booktitle={VLDB},
  volume={1},
  pages={381--390},
  year={2001}
}

@inproceedings{raman1999online,
  title={Online dynamic reordering for interactive data processing},
  author={Raman, Vijayshankar and Raman, Bhaskaran and Hellerstein, Joseph M},
  booktitle={VLDB},
  volume={99},
  pages={709--720},
  year={1999}
}

@inproceedings{raman2002partial,
  title={Partial results for online query processing},
  author={Raman, Vijayshankar and Hellerstein, Joseph M},
  booktitle={Proceedings of the 2002 ACM SIGMOD international conference on Management of data},
  pages={275--286},
  year={2002},
  organization={ACM}
}

@inproceedings{galhardas2000ajax,
  title={AJAX: an extensible data cleaning tool},
  author={Galhardas, Helena and Florescu, Daniela and Shasha, Dennis and Simon, Eric},
  booktitle={ACM Sigmod Record},
  volume={29},
  number={2},
  pages={590},
  year={2000},
  organization={ACM}
}

@inproceedings{kandel2011wrangler,
  title={Wrangler: Interactive visual specification of data transformation scripts},
  author={Kandel, Sean and Paepcke, Andreas and Hellerstein, Joseph and Heer, Jeffrey},
  booktitle={Proceedings of the SIGCHI Conference on Human Factors in Computing Systems},
  pages={3363--3372},
  year={2011},
  organization={ACM}
}

@inproceedings{jin2017foofah,
  title={Foofah: Transforming data by example},
  author={Jin, Zhongjun and Anderson, Michael R and Cafarella, Michael and Jagadish, HV},
  booktitle={Proceedings of the 2017 ACM International Conference on Management of Data},
  pages={683--698},
  year={2017},
  organization={ACM}
}

@inproceedings{gulwani2011automating,
  title={Automating string processing in spreadsheets using input-output examples},
  author={Gulwani, Sumit},
  booktitle={ACM SIGPLAN Notices},
  volume={46},
  number={1},
  pages={317--330},
  year={2011},
  organization={ACM}
}

@article{hernandez2001clio,
  title={Clio: A semi-automatic tool for schema mapping},
  author={Hern{\'a}ndez, Mauricio A and Miller, Ren{\'e}e J and Haas, Laura M},
  journal={ACM SIGMOD Record},
  volume={30},
  number={2},
  pages={607},
  year={2001},
  publisher={ACM}
}
@misc{dresner,
author="{Dresner Advisory Services}",
title="{End User Data Preparation Study}",
year=2015,
note="\url{https://www.trifacta.com/gated-form/trifacta-earns-top-ranking-in-end-user-data-preparation-study/}, accessed 05/14/2018"
}

@misc{bloor,
author="{Bloor Research International}",
title="{Self-Service Data Preparation and Cataloguing}",
year=2016,
note="\url{https://www.bloorresearch.com/research/self-service-data-preparation-cataloguing/} accessed 05/14/2018."
}

@book{gartner-hype-bi,
title="{Hype Cycle for Analytics and Business Intelligence}", 
year=2016,
month=jul #"8,",
day=08,
author="Donald Feinberg and Adam M. Ronthal",
publisher="Gartner"
}

@book{gartner-hype-ii,
title="{Hype Cycle for Information Infrastructure}", 
year=2016,
month=jul #"8,",
day=08,
author="Donald Feinberg and Adam M. Ronthal",
publisher="Gartner"
}

@book{gartner-hype-ds,
title="{Hype Cycle for Data Management}", 
year=2017,
month=jul # "26,",
day=26,
author="Donald Feinberg and Adam M. Ronthal",
publisher="Gartner"
}

@misc{gartner-peer-insights,
author = "{Gartner}",
title = "{Peer Insights: Data Preparation}",
note="\url{https://www.gartner.com/reviews/market/data-preparation-tools}, accessed 05/14/2018."
}

@book{gartner-marketguide-2017,
title="Market Guide for Data Preparation",
day=14,
month=Dec # "~14,",
year=2017,
publisher="Gartner",
author="Ehtisham Zaidi and Rita L. Sallam and Shubhangi Vashisth"
}

@article{novet-dataprep,
author="Jordan Novet",
title="{Google launches Cloud Dataprep, an embedded version of Trifacta}",
journal="VentureBeat",
month=mar # "~9,",
day=09,
year=2017,
OPTnote="\url{https://venturebeat.com/2017/03/09/google-launches-cloud-dataprep-an-embedded-version-of-trifacta/}, accessed 05/14/2018."
}

@article{sawers-dataprep,
author="Paul Sawers",
title="{Google launches Cloud Dataprep in public beta}",
journal="VentureBeat",
month=Sep #"~21,",
day=21,
year=2017,
OPTnote="\url{https://venturebeat.com/2017/09/21/google-launches-cloud-dataprep-in-public-beta/}, accessed 05/14/2018."
}

@book{forrester-wave,
author="Cinny Little and Gene Leganza and Jun Lee",
title="The Forrester Wave™: Data Preparation Tools, Q1 2017",
publisher="Forrester",
year=2017,
OPTnote="\url{https://www.forrester.com/report/The+Forrester+Wave+Data+Preparation+Tools+Q1+2017/-/E-RES128464
}, accessed 05/14/2018"
}

@book{patil2012data,
  title={Data Jujitsu},
  author={Patil, DJ},
  year={2012},
  publisher={O'Reilly Media, Inc.}
}

@article{nationbuilder,
  title="{Case Study: NationBuilder Goes Data Wrangling}",
  author="Brian J. Dooley",
  month=apr # "~10,",
  day=10,
  year=2017,
  journal="TDWI Upside",
  publisher="TDWI",
  note="\url{https://tdwi.org/articles/2017/04/10/case-study-nationbuilder-goes-data-wrangling.aspx}, accessed 05/14/2018."
}

@article{flyspan,
title="Drones are really data vacuums. Here’s how one startup plans to clean up",
author="{Paul Gillin}",
journal="Silicon Angle",
day=20,
month=JAN # "~20,",
year=2017,
OPTnote="\url{https://siliconangle.com/blog/2017/01/20/data-wrangling-keeps-drones-aloft-intelligence-flowing/}, accessed 05/14/2018."
}

@book{mckinney2012python,
  title={Python for data analysis: Data wrangling with Pandas, NumPy, and IPython},
  author={McKinney, Wes},
  year={2012},
  publisher={O'Reilly Media, Inc.}
}

@article{wickham2015dplyr,
  title={dplyr: A grammar of data manipulation},
  author={Wickham, Hadley and Francois, Romain},
  journal={R package version 0.4},
  volume={3},
  year={2015}
}

@misc{electronjs,
  title={Electron},
  year = 2018,
  note = "\url{http://electronjs.org}, accessed 05/16/2017"
}

@inproceedings{photon,
  title="{Architecting Immediacy---The Design of a High-Performance Portable Wrangling Engine}",
  author = "Joseph M. Hellerstein and Seshadri Mahalingam",
  booktitle = "Strata Conference",
  month = mar # "~31,",
  day = 31,
  year = 2016,
  OPTnote="\url{https://www.youtube.com/watch?v=2ehzGbXChD0}, \url{https://speakerdeck.com/jhellerstein/architecting-immediacy-the-design-of-a-high-performance-portable-wrangling-engine}, accessed 05/16/2018"
}

@inproceedings{kemper2011hyper,
  title={HyPer: A hybrid OLTP\&OLAP main memory database system based on virtual memory snapshots},
  author={Kemper, Alfons and Neumann, Thomas},
  booktitle={ICDE},
  pages={195--206},
  year={2011},
  OPTorganization={IEEE}
}

@article{impala,
  title={Cloudera Impala: Real Time Queries in Apache Hadoop, For Real},
  author={Kornacker, Marcel and Erickson, Justin},
  journal={Cloudera Engineering Blog},
  OPTnote="\url{http://blog.cloudera.com/blog/2012/10/cloudera-impala-real-time-queries-in-apache-hadoop-for-real/}, accessed 05/16/2018",
  month=oct,
  year={2012}
}

@misc{ravi,
  author = "Ravi Hubbly",
  tile="Trifacta and Leidos",
  year=2018,
  note="\url{https://www.trifacta.com/partners/leidos/}, accessed 05/16/2018"
}

@article{nyt-janitor,
    author="Steve Lohr",
    title="{For Big-Data Scientists, ‘Janitor Work’ Is Key Hurdle to Insights}",
    journal="The New York Times",
    month=aug # "~17,",
    day=17,
    year=2014
}

@book{rattenbury2015data,
  title={Data Wrangling: Techniques and Concepts for Agile Analytics},
  author={Rattenbury, T and Hellerstein, JM and Heer, J and Kandel, S},
  year={2015},
  publisher={O’Reilly Media, Sebastopol, CA}
}

@inproceedings{mandelbaum2007pads,
  title={PADS/ML: A functional data description language},
  author={Mandelbaum, Yitzhak and Fisher, Kathleen and Walker, David and Fernandez, Mary and Gleyzer, Artem},
  booktitle={ACM SIGPLAN Notices},
  volume={42},
  number={1},
  pages={77--83},
  year={2007},
  organization={ACM}
}